@UNPUBLISHED {lastenheft,
	author = "Bernhard Bruckner",
	title = "Anforderungen Betriebsplattform Android",
	note = "Lastenheft des Projektes KTI"
}
@MISC{AndroidSec,
  title = {{MS Windows NT} Kernel Description},
  howpublished = {\url{https://source.android.com/devices/tech/security/index.html}},
  note = {Accessed: 2014-01-27}
}